@Thesis{Cashner-PhD,
author={Cashner, Andrew A.},
title={Faith, Hearing, and the Power of Music
 in Hispanic Villancicos, 1600--1700},
type={PhD diss.},
institution={University of Chicago},
year=2015,
keywords={villancico},
}
@Book{Knuth-TAOCP1,
author={Knuth, Donald E.},
title={The Art of Computer Programming: Fundamental Algorithms},
location={Upper Saddle River, NJ},
publisher={Prentice Hall},
year={2000},
keywords={textbook},
}
@InCollection{Seeger-Unitary,
author={Seeger, Charles},
title={Toward a Unitary Field Theory for Musicology},
booktitle={Studies in Musicology I},
location={Princeton, NJ},
publisher={Princeton University Press},
year={1975},
keywords={musicology},
}
