@Book{Knuth-TAOCP1,
author={Knuth, Donald E.},
title={The Art of Computer Programming: Fundamental Algorithms},
location={Upper Saddle River, NJ},
publisher={Prentice Hall},
year={2000},
keywords={textbook},
}
