@InCollection{Seeger-Unitary,
author={Seeger, Charles},
title={Toward a Unitary Field Theory for Musicology},
booktitle={Studies in Musicology I},
location={Princeton, NJ},
publisher={Princeton University Press},
year={1975},
keywords={musicology},
}
