# au, ti, loc, yr
Kircher, Athanasius
Musurgia universalis
Rome
1650
