% Book, monograph
@Book{Melville:MobyDick,
    title={Moby Dick},
    author={Melville, Herman},
    location={New York},
    publisher={Penguin Classics},
    year=1950,
}

% Journal article
@Article{Smith:Symbolism,
    title={Symbolism in Melville},
    author={Smith, Juanita},
    journaltitle={Melville Quarterly},
    volume=15,
    number=3,
    year=1974,
    pages={135--154}
}

% Chapter in an edited collection of essays
@InCollection{Gunderson:MelvilleWomen,
    title={Melville and Women},
    author={Gunderson, Elvira},
    booktitle={New Perspectives on Melville},
    editor={Smith, Juanita and Schmidt, Jean},
    location={Oxford},
    publisher={Oxford University Press},
    year=2015,
    pages={66--88}
}

% Reference work
@Reference{GroveMusic,
    title={Grove Music Online},
    url={http://www.oxfordmusiconline.com},
    year={2017}
}




