@InCollection{Agnew:EncounterMusicOceania,
author={Agnew, Vanessa},
title={Encounter Music in Oceania: Cross-Cultural Musical Exchange in Eighteenth- and Early Nineteenth-Century Voyage Accounts},
shorttitle={Encounter Music in Oceania},
crossref={CHWorldMusic},
pages={183--201},
keywords={oceania,cultural-exchange}
}

@Article{Andrade:BeyondGuns,
author={Andrade, Tonio},
title={Beyond Guns, Germs, and Steel: European Expansion and Maritime Asia, 1400--1750},
shorttitle={Beyond Guns, Germs, and Steel},
journaltitle={Journal of Early Modern History},
volume=14,
year=2010,
pages={165--186},
keywords={early-modern,historiography,military-history,Asia,empire}
}

@InCollection{Barz:AfricanMusicHistory,
author={Barz, Gregory},
title={Encountering African Music in History and Modernity},
crossref={CHWorldMusic},
pages={637--660},
keywords={Africa,black-music}
}

@Article{Chakravarti:LanguageOfLand,
author={Chakravarti, Ananya},
title={In the Language of the Land: Native Conversion in Jesuit Public Letters from Brazil and India},
shorttitle={In the Language of the Land},
journaltitle={Journal of Early Modern History},
volume=17,
year=2013,
pages={505--524},
keywords={missions,Jesuits,India,Brazil,early-modern-catholicism,cultural-exchange,conversion,correspondence}
}

@Collection{CHPerformance,
editor={Lawson, Colin and Stowell, Robin},
title={The Cambridge History of Musical Performance},
location={Cambridge},
publisher={Cambridge University Press},
year=2012,
keywords={performance}
}

@Collection{CHWorldMusic,
editor={Bohlman, Philip V.},
title={The Cambridge History of World Music},
location={Cambridge},
publisher={Cambridge University Press},
year=2013,
keywords={world-music,ethnomusicology,music-historiography}
}

@InCollection{Coelho:NewWorlds,
title={Music in New Worlds},
author={Coelho, Victor Anand},
crossref={Cambridge:Music17C},
pages={88--110},
keywords={exploration,cultural-exchange,world-music,early-modern,17C}
}

@InCollection{Diamond:NativeAmericanHistory,
author={Diamond, Beverley},
title={Native American Ways of (Music) History},
crossref={CHWorldMusic},
pages={155--180},
keywords={native-americans,historiography}
}

@InCollection{Nettl:WorldMusicAsConcept,
author={Nettl, Bruno},
title={On World Music as a Concept in the History of Music Scholarship},
crossref={CHWorldMusic},
pages={23--54},
keywords={world-music,ethnomusicology,music-historiography,musicology}
}

@InCollection{Rees:SevilleCathedralPerformance,
author={Rees, Owen},
title={Case Study: Seville Cathedral's Music in Performance, 1549--1599},
crossref={CHPerformance},
pages={353--374},
keywords={Seville,cathedral-music,performance-practice,polyphony,16C,spanish-music}
}

@InCollection{Reily:GoldenAtlantic,
author={Reily, Suzel A.},
title={Music, Minas, and the Golden Atlantic},
crossref={CHWorldMusic},
pages={223--252},
keywords={Brazil,Atlantic,18C,cultural-exchange,black-music,colonial-music}
}

@InCollection{Stock:FourThemesChineseMusic,
author={Stock, Jonathan P. J.},
title={Four Recurring Themes in Histories of Chinese Music},
crossref={CHWorldMusic},
pages={397--415},
keywords={China}
}

@InCollection{Wade:IndianMusicGlobalEncounters,
author={Wade, Bonnie C.},
title={Indian Music History in the Context of Global Encounters},
crossref={CHWorldMusic},
pages={125--154},
keywords={india,south-asia}
}

@Book{Woodfield:EnglishMusiciansExploration,
author={Woodfield, Ian},
title={English Musicians in the Age of Exploration},
location={Stuyvesant, NY},
publisher={Pendragon Press},
year=1995,
keywords={England,UK,early-modern,exploration,ships,sailors}
}

@Book{Zupanov:MissionaryTropics,
author={Å½upanov, Ines G.},
title={Missionary Tropics: The Catholic Frontier in India},
shorttitle={Missionary Tropics},
location={Ann Arbor, MI},
publisher={University of Michigan Press},
year=2005,
keywords={missions,Jesuits,India,early-modern-catholicism,cultural-exchange}
}

